% How to cite webpage: https://tex.stackexchange.com/questions/3587/how-can-i-use-bibtex-to-cite-a-web-page
@misc{TLC,
  title = {TLC trip record data},
  author = {{New York City Taxi and Limousine Commission}},
  howpublished = {\url{https://www1.nyc.gov/site/tlc/about/tlc-trip-record-data.page}},
  note = {Accessed: 2022-08-28}
}
@misc{weather,
  title = {IOWA environmental mesonet},
  author = {{IOWA state university}},
  howpublished = {\url{https://mesonet.agron.iastate.edu/request/download.phtml?network=NY_ASOS}},
  note = {Accessed: 2022-08-28}
}
% You should lookup the entries defined in bibtex to properly format your .bib file